<?xml version="1.0" encoding="UTF-8"?>
<collection xmlns:xsi="http://www.w3.org/2001/XMLSchema-instance" xsi:schemaLocation="http://www.loc.gov/MARC21/slim http://www.loc.gov/standards/marcxml/schema/MARC21slim.xsd" xmlns="http://www.loc.gov/MARC21/slim">
<record>
  <leader>00679cam a22002052i 4500</leader>
  <controlfield tag="001">2601750</controlfield>
  <controlfield tag="003">NNC</controlfield>
  <controlfield tag="005">20100224200355.0</controlfield>
  <controlfield tag="008">000216s1968    iq           l      ara d</controlfield>
  <datafield tag="035" ind1=" " ind2=" ">
    <subfield code="a">(OCoLC)44658967</subfield>
  </datafield>
  <datafield tag="035" ind1=" " ind2=" ">
    <subfield code="a">(OCoLC)ocm44658967</subfield>
  </datafield>
  <datafield tag="035" ind1=" " ind2=" ">
    <subfield code="9">AQU1333CU</subfield>
  </datafield>
  <datafield tag="035" ind1=" " ind2=" ">
    <subfield code="a">(NNC)2601750</subfield>
  </datafield>
  <datafield tag="040" ind1=" " ind2=" ">
    <subfield code="a">NNC</subfield>
    <subfield code="c">UPvMLC</subfield>
  </datafield>
  <datafield tag="090" ind1=" " ind2=" ">
    <subfield code="a">Z6958.A7</subfield>
    <subfield code="b">B33</subfield>
  </datafield>
  <datafield tag="110" ind1="2" ind2=" ">
    <subfield code="a">Jāmiʻat Baghdād.</subfield>
    <subfield code="b">al-Maktabah al-Markazīyah.</subfield>
  </datafield>
  <datafield tag="245" ind1="1" ind2="0">
    <subfield code="a">Fihrist bi al-majallāt al-ʻArabīyah al-mawjūdah fī al-Maktabah al-Markazīyah li-Jāmiʻat Baghdād.</subfield>
  </datafield>
  <datafield tag="260" ind1=" " ind2=" ">
    <subfield code="a">Baghdād :</subfield>
    <subfield code="b">al-Maktabaḥ al-Markhazīyah li-Jāmiʻat Baghdād,</subfield>
    <subfield code="c">[1968?]</subfield>
  </datafield>
  <datafield tag="300" ind1=" " ind2=" ">
    <subfield code="a">35 p. ;</subfield>
    <subfield code="c">32 cm.</subfield>
  </datafield>
  <datafield tag="955" ind1=" " ind2=" ">
    <subfield code="b">0036762830</subfield>
    <subfield code="d">glx</subfield>
    <subfield code="e">Z6958.A7 B33</subfield>
  </datafield>
</record>
</collection>